<record><leader>00000cas a22000007a 4500</leader><controlfield tag="001">17955110</controlfield><controlfield tag="008">880514d19211923nduwr ne      0    0eng d</controlfield><datafield ind1=" " ind2=" " tag="010"><subfield code="a">sn 88076035 </subfield></datafield><datafield ind1=" " ind2=" " tag="040"><subfield code="a">NOP</subfield><subfield code="b">eng</subfield><subfield code="c">NOP</subfield><subfield code="d">OCLCQ</subfield></datafield><datafield ind1=" " ind2=" " tag="042"><subfield code="a">msc</subfield></datafield><datafield ind1="0" ind2=" " tag="130"><subfield code="a">Independent reporter (Forman, N.D.)</subfield></datafield><datafield ind1="1" ind2="0" tag="245"><subfield code="a">Independent reporter.</subfield></datafield><datafield ind1=" " ind2=" " tag="260"><subfield code="a">Forman, N.D. :</subfield><subfield code="b">Forman Pub. Co.</subfield></datafield><datafield ind1=" " ind2=" " tag="300"><subfield code="a">4 v. :</subfield><subfield code="b">ill. ;</subfield><subfield code="c">54 cm.</subfield></datafield><datafield ind1=" " ind2=" " tag="310"><subfield code="a">Weekly</subfield></datafield><datafield ind1="0" ind2=" " tag="362"><subfield code="a">Vol. 2, no. 21 (Feb. 11, 1921)-v. 5, no. 2 (Sept. 27, 1923).</subfield></datafield><datafield ind1=" " ind2=" " tag="530"><subfield code="a">Available on microfilm from the State Historical Society of North Dakota.</subfield></datafield><datafield ind1=" " ind2=" " tag="752"><subfield code="a">United States</subfield><subfield code="b">North Dakota</subfield><subfield code="c">Sargent</subfield><subfield code="d">Forman.</subfield></datafield><datafield ind1="0" ind2="0" tag="780"><subfield code="t">DeLamere news</subfield><subfield code="w">(DLC)sn 88076034</subfield></datafield></record>